@article{lees2010theoretical,
  title={Theoretical maximum capacity as benchmark for empty vehicle redistribution in personal rapid transit},
  author={Lees-Miller, John and Hammersley, John and Wilson, R},
  journal={Transportation Research Record: Journal of the Transportation Research Board},
  number={2146},
  pages={76--83},
  year={2010},
  publisher={Transportation Research Board of the National Academies}
}


@article{searle1980minds,
  title={Minds, brains, and programs},
  author={Searle, John R and others},
  journal={The Turing Test: Verbal Behaviour as the Hallmark of Intelligence},
  pages={201--224},
  year={1980}
}


@article{machinery1950computing,
  title={Computing machinery and intelligence-AM Turing},
  author={Machinery, Computing},
  journal={Mind},
  volume={59},
  number={236},
  pages={433},
  year={1950}
}

@inproceedings{wang2007introduction,
  title={Introduction: Aspects of artificial general intelligence},
  author={Wang, Pei and Goertzel, Ben},
  booktitle={Proceedings of the 2007 conference on Advances in Artificial General Intelligence: Concepts, Architectures and Algorithms: Proceedings of the AGI Workshop 2006},
  pages={1--16},
  year={2007}
}

@article{hacker2002there,
  title={Is there anything it is like to be a bat?},
  author={Hacker, Peter MS},
  journal={Philosophy},
  volume={77},
  number={300},
  pages={157--174},
  year={2002},
  publisher={JSTOR}
}

@article{chalmers1995facing,
  title={Facing up to the problem of consciousness},
  author={Chalmers, David J},
  journal={Journal of consciousness studies},
  volume={2},
  number={3},
  pages={200--219},
  year={1995},
  publisher={Imprint Academic}
}

@article{jackson1982epiphenomenal,
  title={Epiphenomenal qualia},
  author={Jackson, Frank},
  journal={The Philosophical Quarterly (1950-)},
  volume={32},
  number={127},
  pages={127--136},
  year={1982},
  publisher={JSTOR}
}

@book{chiang2010lifecycle,
  title={The lifecycle of software objects},
  author={Chiang, Ted},
  year={2010},
  publisher={Subterranean Press Burton}
}

@article{searle2002not,
  title={Why I am not a property dualist},
  author={Searle, John R},
  journal={Journal of Consciousness Studies},
  volume={9},
  number={12},
  pages={57--64},
  year={2002},
  publisher={Imprint Academic PO BOX 1, THORVERTON EX5 5YX, ENGLAND}
}


@incollection{boden1996creativity,
  title={Creativity},
  author={Boden, Margaret A},
  booktitle={Artificial intelligence},
  pages={267--291},
  year={1996},
  publisher={Elsevier}
}


@book{hofstadter1979godel,
  title={G{\"o}del, escher, bach},
  author={Hofstadter, Douglas R and others},
  year={1979},
  publisher={Harvester press Hassocks}
}

@book{bostrom2017superintelligence,
  title={Superintelligence},
  author={Bostrom, Nick},
  year={2017},
  publisher={Dunod}
}

@article{bostrom2002existential,
  title={Existential risks: Analyzing human extinction scenarios and related hazards},
  author={Bostrom, Nick},
  journal={Journal of Evolution and technology},
  volume={9},
  year={2002},
  publisher={Institute for Ethics and Emerging Technologies}
}

 @misc{perrin_atske_2021,
  title={About three-in-ten U.S. adults say they are 'almost constantly' online}, url={https://www.pewresearch.org/fact-tank/2021/03/26/about-three-in-ten-u-s-adults-say-they-are-almost-constantly-online/},
  journal={Pew Research Center},
  publisher={The Pew Charitable Trusts},
  author={Perrin, Andrew and Atske, Sara},
  year={2021},
  month={Apr}
}
  
@article{smith2015us,
  title={US smartphone use in 2015},
  author={Smith, Aaron and McGeeney, Kyley and Duggan, Maeve},
  year={2015},
  publisher={Pew Research Center}
}



@book{goertzel2007artificial,
  title={Artificial general intelligence},
  author={Goertzel, Ben and Pennachin, Cassio},
  volume={2},
  year={2007},
  publisher={Springer}
}
